% Encoding: UTF-8

%%%
%
% When creating the Bibtex file, we recommended to ensure that the DOI is listed.
%
%%%

@article{buysse_sleep_2014,
	title = {Sleep Health: Can We Define It? Does It Matter?},
	volume = {37},
	issn = {0161-8105},
	url = {https://doi.org/10.5665/sleep.3298},
	doi = {10.5665/sleep.3298},
	shorttitle = {Sleep Health},
	pages = {9--17},
	number = {1},
	journaltitle = {Sleep},
	shortjournal = {Sleep},
	author = {Buysse, Daniel J.},
	urldate = {2023-06-22},
	date = {2014-01-01},
}

@article{grandner_sleep_2017,
	title = {Sleep, Health, and Society},
	volume = {12},
	issn = {1556407X},
	url = {https://linkinghub.elsevier.com/retrieve/pii/S1556407X16301060},
	doi = {10.1016/j.jsmc.2016.10.012},
	pages = {1--22},
	number = {1},
	journaltitle = {Sleep Medicine Clinics},
	shortjournal = {Sleep Medicine Clinics},
	author = {Grandner, Michael A.},
	urldate = {2023-06-22},
	date = {2017-03},
	langid = {english},
}

@article{ramar_sleep_2021,
	title = {Sleep is essential to health: an American Academy of Sleep Medicine position statement},
	volume = {17},
	issn = {1550-9389, 1550-9397},
	url = {http://jcsm.aasm.org/doi/10.5664/jcsm.9476},
	doi = {10.5664/jcsm.9476},
	shorttitle = {Sleep is essential to health},
	pages = {2115--2119},
	number = {10},
	journaltitle = {Journal of Clinical Sleep Medicine},
	shortjournal = {Journal of Clinical Sleep Medicine},
	author = {Ramar, Kannan and Malhotra, Raman K. and Carden, Kelly A. and Martin, Jennifer L. and Abbasi-Feinberg, Fariha and Aurora, R. Nisha and Kapur, Vishesh K. and Olson, Eric J. and Rosen, Carol L. and Rowley, James A. and Shelgikar, Anita V. and Trotti, Lynn Marie},
	urldate = {2023-06-26},
	date = {2021-10},
	langid = {english},
}

@inproceedings{liu_bed_2015,
	location = {Parkville {VIC} Australia},
	title = {In Bed with Technology: Challenges and Opportunities for Sleep Tracking},
	isbn = {978-1-4503-3673-4},
	url = {https://dl.acm.org/doi/10.1145/2838739.2838742},
	doi = {10.1145/2838739.2838742},
	shorttitle = {In Bed with Technology},
	eventtitle = {{OzCHI} '15: The Annual Meeting of the Australian Special Interest Group for Computer Human Interaction},
	pages = {142--151},
	booktitle = {Proceedings of the Annual Meeting of the Australian Special Interest Group for Computer Human Interaction},
	publisher = {{ACM}},
	author = {Liu, Wanyu and Ploderer, Bernd and Hoang, Thuong},
	urldate = {2023-06-26},
	date = {2015-12-07},
	langid = {english},
}

@article{kolla_consumer_2016,
	title = {Consumer sleep tracking devices: a review of mechanisms, validity and utility},
	volume = {13},
	issn = {1743-4440, 1745-2422},
	url = {http://www.tandfonline.com/doi/full/10.1586/17434440.2016.1171708},
	doi = {10.1586/17434440.2016.1171708},
	shorttitle = {Consumer sleep tracking devices},
	pages = {497--506},
	number = {5},
	journaltitle = {Expert Review of Medical Devices},
	shortjournal = {Expert Review of Medical Devices},
	author = {Kolla, Bhanu Prakash and Mansukhani, Subir and Mansukhani, Meghna P.},
	urldate = {2023-06-27},
	date = {2016-05-03},
	langid = {english},
}

@inproceedings{liang_sleep_2016,
	location = {Launceston, Tasmania, Australia},
	title = {Sleep tracking in the real world: a qualitative study into barriers for improving sleep},
	isbn = {978-1-4503-4618-4},
	url = {http://dl.acm.org/citation.cfm?doid=3010915.3010988},
	doi = {10.1145/3010915.3010988},
	shorttitle = {Sleep tracking in the real world},
	eventtitle = {the 28th Australian Conference},
	pages = {537--541},
	booktitle = {Proceedings of the 28th Australian Conference on Computer-Human Interaction - {OzCHI} '16},
	publisher = {{ACM} Press},
	author = {Liang, Zilu and Ploderer, Bernd},
	urldate = {2023-06-25},
	date = {2016},
	langid = {english},
	file = {3010915.3010988.pdf:D\:\\Uni\\Bachelorarbeit\\3010915.3010988.pdf:application/pdf},
}

@inproceedings{jansen_opportunities_2015,
	location = {Seoul Republic of Korea},
	title = {Opportunities and Challenges for Data Physicalization},
	isbn = {978-1-4503-3145-6},
	url = {https://dl.acm.org/doi/10.1145/2702123.2702180},
	doi = {10.1145/2702123.2702180},
	eventtitle = {{CHI} '15: {CHI} Conference on Human Factors in Computing Systems},
	pages = {3227--3236},
	booktitle = {Proceedings of the 33rd Annual {ACM} Conference on Human Factors in Computing Systems},
	publisher = {{ACM}},
	author = {Jansen, Yvonne and Dragicevic, Pierre and Isenberg, Petra and Alexander, Jason and Karnik, Abhijit and Kildal, Johan and Subramanian, Sriram and Hornb√¶k, Kasper},
	urldate = {2023-06-27},
	date = {2015-04-18},
	langid = {english},
	file = {Akzeptierte Version:C\:\\Users\\Marcu\\Zotero\\storage\\9CZLI5IP\\Jansen et al. - 2015 - Opportunities and Challenges for Data Physicalizat.pdf:application/pdf},
}